/home/mj0054/Documents/Library/library.bib